\usepackage{url}

@article{Brans93,
  title= "The IDEAL problem solver",
  author= "Bransford, John D and Stein, Barry S",
  year= "1993"
}

@article{Foto_XP,
  title= "eXtreme Programming: A gentle introduction.",
  author="J. Donovan Wells",
  year="2000"
}

@article{Perales94,
  title={Ense{\~n}anza-aprendizaje de una heur{\'\i}stica en la resoluci{\'o}n de problemas de F{\'\i}sica: un estudio cuasiexperimental},
  author={Palacios, Francisco Javier Perales},
  journal={Revista interuniversitaria de formaci{\'o}n del profesorado},
  number={21},
  pages={201--209},
  year={1994},
  publisher={Asociaci{\'o}n Universitaria de Formaci{\'o}n del Profesorado}
}

@MISC {Jenkins,
    author   = "SunMicrosystems",
    year     = "2011",
    title   = "Jenkins",
    howpublished={\url{https://jenkins.io/}}
}

@MISC {Java,
    author   = "SunMicrosystems",
    title    = "Java",
    year     = "1995",
    howpublished={\url{https://www.java.com/es/download/faq/whatis_java.xml"}}
}

@Misc{Maven,
  title = {Maven},
  howpublished={\url{https://maven.apache.org/what-is-maven.html}},
  year =    {2002},
  author =    {ApacheSoftwareFundation},
}

@Misc{Git,
  title = {Git},
  howpublished={\url{https://www.atlassian.com/git/tutorials/what-is-git}},
  author = "Torvalds, Linus"
}

@MISC {GitLab,
    author   = "GitLabInc.",
    title    = "GitLab",
    howpublished={\url{https://about.gitlab.com/about/}}
}

@MISC {JUnit,
    author   = "Kent Beack and Erich Gamma",
    title    = "JUnit",
    howpublished={\url{http://junit.org/}}
}

@MANUAL {ISO_12207,
title = "ISO/IEC 12207:2008,  Systems and software engineering -- Software life cycle processes",
organization = "International Organization for Standardization \& International Electrotechnical Commission",
    year         = "2008"
}

@MISC {SCRUM,
    author   = "Ikujiro Nonaka",
    title    = "SCRUM",
    year     = "1986",
    howpublished={\url{http://www.scrumguides.org/}}
}

@MISC {LaTeX,
    author   = "Leslie Lamport",
    title    = "LaTeX",
    year     = "1989",
    howpublished={\url{http://www.latex-project.org/about/}}
}

@MISC {VirtualBox,
    author   = "innotek GmbH",
    title    = "VirtualBox",
    month    = "jan",
    year     = "2007",
    howpublished={\url{https://www.oracle.com/virtualization/virtualbox/index.html"}}
}

@MISC {OpenProject,
    author   = "OpenProjectFoundation",
    title    = "OpenProject",
    year     = "2010",
    howpublished={\url{https://www.openproject.org/}}
}

@MISC {Cucumber,
    author    = "Cucumber",
    howpublished={\url{https://cucumber.io/}}
}

@MISC {DBeaver,
    author    = "DBeaver",
    howpublished={\url{http://dbeaver.jkiss.org/}}
}

@MISC {JavaWebStart,
    author    = "Oracle",
    howpublished={\url{http://docs.oracle.com/javase/8/docs/technotes/guides/javaws/}}
}

@MISC {Selenium,
    author    = "Selenium",
    howpublished={\url{http://www.seleniumhq.org/}}
}

@MISC {HSQLDB,
    author    = "HSQLDB",
    howpublished={\url{http://hsqldb.org/}}
}

@MISC {MicrosoftProject,
    author    = "Microsoft",
    howpublished={\url{https://products.office.com/es-es/project/project-and-portfolio-management-software?tab=tabs-1}}
}

@MISC {Eclipse,
    author    = "Eclipse",
    howpublished={\url{https://eclipse.org/}}
}

@MISC {Liquibase,
    author    = "Liquibase",
    howpublished={\url{http://www.liquibase.org/}}
}

@MISC {Vagrant,
    author    = "HashiCorp",
    howpublished={\url{https://www.vagrantup.com/}}
}

@MISC {SSH,
    author    = "OpenSSH",
    howpublished={\url{https://www.openssh.com/}}
}

@MISC {CircleCI,
    author    = "CircleCI",
    howpublished={\url{https://circleci.com/docs/}}
}

@MISC {GIt_Manual,
    author    = "Git",
    howpublished={\url{https://git-scm.com/doc}}
}


@MISC {InkScape,
    author   = "Ted Gould, Bryce Harrington",
    title    = "InkScape",
    year     = "2003",
    howpublished={\url{https://inkscape.org/en/}}
}

@ARTICLE {ReglasPracticasXP,
    author   = "Jose Joskowicz",
    title    = "Reglas y prácticas en eXtreme Programming.",
    journal  = "Universidad de Vigo, 22.",
    year     = "2008",
    month    = "aug",
    howpublished={\url{crossref = "http://andrey.hristov.com/fht-stuttgart/The_Agile_Manifesto_SDMagazine.pdf}}
}

@inproceedings{monsalve2010evolucion,
  title={Evoluci{\'o}n de un Juego Educacional de Ingenier{\'\i}a de Software a trav{\'e}s de T{\'e}cnicas de Elicitaci{\'o}n de Requisitos},
  author={Monsalve, E and Werneck, V and Leite, JCSP},
  booktitle={Proceedings of XIII Workshop on Requirements Engineering (WER’2010), Cuenca, Ecuador},
  pages={12--23},
  year={2010}
}

@article{toro2000metodologia,
  title={Metodolog{\'\i}a para la elicitaci{\'o}n de requisitos de sistemas software},
  author={Toro, Amador Dur{\'a}n and Jim{\'e}nez, Beatriz Bern{\'a}rdez},
  journal={Informe T{\'e}cnico LSI-2000-10. Facultad de Inform{\'a}tica y Estad{\'\i}stica Universidad de Sevilla},
  year={2000}
}

@ARTICLE {TheAgileManifesto,
    author   = "Kent Beck and Jim Highsmith",
    title    = "The Agile Manifesto",
    journal  = "Software Development. The lifecycle starts here.",
    year     = "2001",
    month    = "aug",
    howpublished={\url{http://andrey.hristov.com/fht-stuttgart/The_Agile_Manifesto_SDMagazine.pdf}}
}

@ARTICLE {LeonardoDeSeta,
    author   = "Leonardo De Seta",
    title    = "Una introducción a eXtreme Programming",
    journal  = "Dos Ideas. Personas y Software",
    year     = "2010",
    month    = "feb",
    howpublished={\url{https://dosideas.com/noticias/metodologias/822-una-introduccion-a-extreme-programming}}
}

@Book{Pressman1988,
  title={Ingenier{\'\i}a del software},
  author={Pressman, Roger S and Troya, Jose Maria},
  year={1988},
  publisher={McGraw Hill}
}

@book{XP2,
  title={eXtreme Programming Planning},
  author={Beck, Kent and Fowler, Martin
  },
  year={2000},
  publisher={Addison-Wesley Professional}
}

@book{humble2010continuous,
  title={Continuous Delivery: Reliable Software Releases through Build, Test, and Deployment Automation},
  author={Humble, Jez and Farley, David},
  year={2010},
  publisher={Pearson Education}
}

@article{dybaa2008empirical,
  title={Empirical studies of agile software development: A systematic review},
  author={Dyb{\aa}, Tore and Dings{\o}yr, Torgeir},
  journal={Information and software technology},
  volume={50},
  number={9},
  pages={833--859},
  year={2008},
  publisher={Elsevier}
}

@book{XP,
  title={eXtreme Programming eXplained: Embrace Change},
  author={Beck, Kent},
  year={2000},
  publisher={Addison-Wesley Professional}
}

@article{IC,
  title={Continuous Integration},
  author={Fowler, Martin and Foemmel, Matthew},
  journal={Thought-Works},
  pages={122},
  year={2006}
}